@misc{lee2024emergency,
      title={Emergency Department Decision Support using Clinical Pseudo-notes}, 
      author={Simon A. Lee and Sujay Jain and Alex Chen and Kyoka Ono and Jennifer Fang and Akos Rudas and Jeffrey N. Chiang},
      year={2024},
      eprint={2402.00160},
      archivePrefix={arXiv},
      primaryClass={cs.CL}
}

@inproceedings{hegselmann2023tabllm,
  title={Tabllm: Few-shot classification of tabular data with large language models},
  author={Hegselmann, Stefan and Buendia, Alejandro and Lang, Hunter and Agrawal, Monica and Jiang, Xiaoyi and Sontag, David},
  booktitle={International Conference on Artificial Intelligence and Statistics},
  pages={5549--5581},
  year={2023},
  organization={PMLR}
}

@article{ventola2015antibiotic,
  title={The antibiotic resistance crisis: part 1: causes and threats},
  author={Ventola, C Lee},
  journal={Pharmacy and therapeutics},
  volume={40},
  number={4},
  pages={277},
  year={2015},
  publisher={MediMedia, USA}
}

@article{golkar2014bacteriophage,
  title={Bacteriophage therapy: a potential solution for the antibiotic resistance crisis},
  author={Golkar, Zhabiz and Bagasra, Omar and Pace, Donald Gene},
  journal={The Journal of Infection in Developing Countries},
  volume={8},
  number={02},
  pages={129--136},
  year={2014}
}

@article{gould2013new,
  title={New antibiotic agents in the pipeline and how they can help overcome microbial resistance},
  author={Gould, Ian M and Bal, Abhijit M},
  journal={Virulence},
  volume={4},
  number={2},
  pages={185--191},
  year={2013},
  publisher={Taylor \& Francis}
}

@article{sengupta2013multifaceted,
  title={The multifaceted roles of antibiotics and antibiotic resistance in nature},
  author={Sengupta, Saswati and Chattopadhyay, Madhab K and Grossart, Hans-Peter},
  journal={Frontiers in microbiology},
  volume={4},
  pages={47},
  year={2013},
  publisher={Frontiers Media SA}
}

@article{viswanathan2014off,
  title={Off-label abuse of antibiotics by bacteria},
  author={Viswanathan, VK},
  journal={Gut microbes},
  volume={5},
  number={1},
  pages={3--4},
  year={2014},
  publisher={Taylor \& Francis}
}

@article{read2014antibiotic,
  title={Antibiotic resistance management},
  author={Read, Andrew F and Woods, Robert J},
  journal={Evolution, medicine, and public health},
  volume={2014},
  number={1},
  pages={147},
  year={2014},
  publisher={Oxford University Press}
}

@article{nature2013antibiotic,
  title={The antibiotic alarm},
  author={Nature, E},
  journal={Nature},
  volume={495},
  number={7440},
  pages={141},
  year={2013}
}

@article{lushniak2014antibiotic,
  title={Antibiotic resistance: a public health crisis},
  author={Lushniak, Boris D},
  journal={Public Health Reports},
  volume={129},
  number={4},
  pages={314--316},
  year={2014},
  publisher={SAGE Publications Sage CA: Los Angeles, CA}
}

@article{piddock2012crisis,
  title={The crisis of no new antibioticsâ€”what is the way forward?},
  author={Piddock, Laura JV},
  journal={The Lancet infectious diseases},
  volume={12},
  number={3},
  pages={249--253},
  year={2012},
  publisher={Elsevier}
}

@article{bartlett2013seven,
  title={Seven ways to preserve the miracle of antibiotics},
  author={Bartlett, John G and Gilbert, David N and Spellberg, Brad},
  journal={Clinical infectious diseases},
  volume={56},
  number={10},
  pages={1445--1450},
  year={2013},
  publisher={Oxford University Press}
}

@article{evans2016electronic,
  title={Electronic health records: then, now, and in the future},
  author={Evans, R Scott},
  journal={Yearbook of medical informatics},
  volume={25},
  number={S 01},
  pages={S48--S61},
  year={2016},
  publisher={Georg Thieme Verlag KG}
}

@article{cowie2017electronic,
  title={Electronic health records to facilitate clinical research},
  author={Cowie, Martin R and Blomster, Juuso I and Curtis, Lesley H and Duclaux, Sylvie and Ford, Ian and Fritz, Fleur and Goldman, Samantha and Janmohamed, Salim and Kreuzer, J{\"o}rg and Leenay, Mark and others},
  journal={Clinical Research in Cardiology},
  volume={106},
  pages={1--9},
  year={2017},
  publisher={Springer}
}

@article{hoerbst2010electronic,
  title={Electronic health records},
  author={Hoerbst, Alexander and Ammenwerth, Elske},
  journal={Methods of information in medicine},
  volume={49},
  number={04},
  pages={320--336},
  year={2010},
  publisher={Schattauer GmbH}
}

@article{wu2010prediction,
  title={Prediction modeling using EHR data: challenges, strategies, and a comparison of machine learning approaches},
  author={Wu, Jionglin and Roy, Jason and Stewart, Walter F},
  journal={Medical care},
  volume={48},
  number={6},
  pages={S106--S113},
  year={2010},
  publisher={LWW}
}

@article{sutton2020overview,
  title={An overview of clinical decision support systems: benefits, risks, and strategies for success},
  author={Sutton, Reed T and Pincock, David and Baumgart, Daniel C and Sadowski, Daniel C and Fedorak, Richard N and Kroeker, Karen I},
  journal={NPJ digital medicine},
  volume={3},
  number={1},
  pages={17},
  year={2020},
  publisher={Nature Publishing Group UK London}
}

@inproceedings{liu2018deep,
  title={Deep ehr: Chronic disease prediction using medical notes},
  author={Liu, Jingshu and Zhang, Zachariah and Razavian, Narges},
  booktitle={Machine Learning for Healthcare Conference},
  pages={440--464},
  year={2018},
  organization={PMLR}
}

@inproceedings{cheng2016risk,
  title={Risk prediction with electronic health records: A deep learning approach},
  author={Cheng, Yu and Wang, Fei and Zhang, Ping and Hu, Jianying},
  booktitle={Proceedings of the 2016 SIAM international conference on data mining},
  pages={432--440},
  year={2016},
  organization={SIAM}
}

@article{suter1994predicting,
  title={Predicting outcome in ICU patients},
  author={Suter, P and Armaganidis, A and Beaufils, F and Bonfill, X and Burchardi, H and Cook, D and Fagot-Largeault, A and Thijs, L and Vesconi, S and Williams, A and others},
  journal={Intensive Care Medicine},
  volume={20},
  pages={390--397},
  year={1994},
  publisher={Springer}
}

@article{churpek2014using,
  title={Using electronic health record data to develop and validate a prediction model for adverse outcomes in the wards},
  author={Churpek, Matthew M and Yuen, Trevor C and Park, Seo Young and Gibbons, Robert and Edelson, Dana P},
  journal={Critical care medicine},
  volume={42},
  number={4},
  pages={841--848},
  year={2014},
  publisher={LWW}
}

@article{rasmy2021med,
  title={Med-BERT: pretrained contextualized embeddings on large-scale structured electronic health records for disease prediction},
  author={Rasmy, Laila and Xiang, Yang and Xie, Ziqian and Tao, Cui and Zhi, Degui},
  journal={NPJ digital medicine},
  volume={4},
  number={1},
  pages={86},
  year={2021},
  publisher={Nature Publishing Group UK London}
}

@article{liu2021med,
  title={Med-BERT: A pretraining framework for medical records named entity recognition},
  author={Liu, Ning and Hu, Qian and Xu, Huayun and Xu, Xing and Chen, Mengxin},
  journal={IEEE Transactions on Industrial Informatics},
  volume={18},
  number={8},
  pages={5600--5608},
  year={2021},
  publisher={IEEE}
}

@article{alsentzer2019publicly,
  title={Publicly available clinical BERT embeddings},
  author={Alsentzer, Emily and Murphy, John R and Boag, Willie and Weng, Wei-Hung and Jin, Di and Naumann, Tristan and McDermott, Matthew},
  journal={arXiv preprint arXiv:1904.03323},
  year={2019}
}

@article{lee2020biobert,
  title={BioBERT: a pre-trained biomedical language representation model for biomedical text mining},
  author={Lee, Jinhyuk and Yoon, Wonjin and Kim, Sungdong and Kim, Donghyeon and Kim, Sunkyu and So, Chan Ho and Kang, Jaewoo},
  journal={Bioinformatics},
  volume={36},
  number={4},
  pages={1234--1240},
  year={2020},
  publisher={Oxford University Press}
}

@article{tang2020democratizing,
  title={Democratizing EHR analyses with FIDDLE: a flexible data-driven preprocessing pipeline for structured clinical data},
  author={Tang, Shengpu and Davarmanesh, Parmida and Song, Yanmeng and Koutra, Danai and Sjoding, Michael W and Wiens, Jenna},
  journal={Journal of the American Medical Informatics Association},
  volume={27},
  number={12},
  pages={1921--1934},
  year={2020},
  publisher={Oxford University Press}
}

@article{ferrao2016preprocessing,
  title={Preprocessing structured clinical data for predictive modeling and decision support},
  author={Ferrao, Jose Carlos and Oliveira, Monica Duarte and Janela, Filipe and Martins, Henrique MG},
  journal={Applied clinical informatics},
  volume={7},
  number={04},
  pages={1135--1153},
  year={2016},
  publisher={Schattauer GmbH}
}

@article{steinberg2023motor,
  title={MOTOR: A Time-To-Event Foundation Model For Structured Medical Records},
  author={Steinberg, Ethan and Fries, Jason and Xu, Yizhe and Shah, Nigam},
  journal={arXiv preprint arXiv:2301.03150},
  year={2023}
}

@inproceedings{pang2021cehr,
  title={CEHR-BERT: Incorporating temporal information from structured EHR data to improve prediction tasks},
  author={Pang, Chao and Jiang, Xinzhuo and Kalluri, Krishna S and Spotnitz, Matthew and Chen, RuiJun and Perotte, Adler and Natarajan, Karthik},
  booktitle={Machine Learning for Health},
  pages={239--260},
  year={2021},
  organization={PMLR}
}

@article{li2022hi,
  title={Hi-BEHRT: hierarchical transformer-based model for accurate prediction of clinical events using multimodal longitudinal electronic health records},
  author={Li, Yikuan and Mamouei, Mohammad and Salimi-Khorshidi, Gholamreza and Rao, Shishir and Hassaine, Abdelaali and Canoy, Dexter and Lukasiewicz, Thomas and Rahimi, Kazem},
  journal={IEEE journal of biomedical and health informatics},
  volume={27},
  number={2},
  pages={1106--1117},
  year={2022},
  publisher={IEEE}
}

@article{li2020electronic,
  title={Electronic health records and polygenic risk scores for predicting disease risk},
  author={Li, Ruowang and Chen, Yong and Ritchie, Marylyn D and Moore, Jason H},
  journal={Nature Reviews Genetics},
  volume={21},
  number={8},
  pages={493--502},
  year={2020},
  publisher={Nature Publishing Group UK London}
}

@article{goldstein2017opportunities,
  title={Opportunities and challenges in developing risk prediction models with electronic health records data: a systematic review},
  author={Goldstein, Benjamin A and Navar, Ann Marie and Pencina, Michael J and Ioannidis, John PA},
  journal={Journal of the American Medical Informatics Association: JAMIA},
  volume={24},
  number={1},
  pages={198},
  year={2017},
  publisher={Oxford University Press}
}

@article{hohman2023leveraging,
  title={Leveraging electronic health record data for timely chronic disease surveillance: the Multi-State EHR-Based Network for Disease Surveillance},
  author={Hohman, Katherine H and Martinez, Amanda K and Klompas, Michael and Kraus, Emily M and Li, Wenjun and Carton, Thomas W and Cocoros, Noelle M and Jackson, Sandra L and Karras, Bryant Thomas and Wiltz, Jennifer L and others},
  journal={Journal of Public Health Management and Practice},
  volume={29},
  number={2},
  pages={162--173},
  year={2023},
  publisher={LWW}
}

@article{mikolov2013efficient,
  title={Efficient estimation of word representations in vector space},
  author={Mikolov, Tomas and Chen, Kai and Corrado, Greg and Dean, Jeffrey},
  journal={arXiv preprint arXiv:1301.3781},
  year={2013}
}

@article{robertson2004understanding,
  title={Understanding inverse document frequency: on theoretical arguments for IDF},
  author={Robertson, Stephen},
  journal={Journal of documentation},
  volume={60},
  number={5},
  pages={503--520},
  year={2004},
  publisher={Emerald Group Publishing Limited}
}

@article{tong2015staphylococcus,
  title={Staphylococcus aureus infections: epidemiology, pathophysiology, clinical manifestations, and management},
  author={Tong, Steven YC and Davis, Joshua S and Eichenberger, Emily and Holland, Thomas L and Fowler Jr, Vance G},
  journal={Clinical microbiology reviews},
  volume={28},
  number={3},
  pages={603--661},
  year={2015},
  publisher={Am Soc Microbiol}
}

@article{kwiecinski2020staphylococcus,
  title={Staphylococcus aureus bloodstream infections: pathogenesis and regulatory mechanisms},
  author={Kwiecinski, Jakub M and Horswill, Alexander R},
  journal={Current opinion in microbiology},
  volume={53},
  pages={51--60},
  year={2020},
  publisher={Elsevier}
}

@article{johnson2020mimic,
  title={Mimic-iv},
  author={Johnson, Alistair and Bulgarelli, Lucas and Pollard, Tom and Horng, Steven and Celi, Leo Anthony and Mark, Roger},
  journal={PhysioNet. Available online at: https://physionet. org/content/mimiciv/1.0/(accessed August 23, 2021)},
  pages={49--55},
  year={2020}
}

@article{johnson2023mimic,
  title={MIMIC-IV, a freely accessible electronic health record dataset},
  author={Johnson, Alistair EW and Bulgarelli, Lucas and Shen, Lu and Gayles, Alvin and Shammout, Ayad and Horng, Steven and Pollard, Tom J and Hao, Sicheng and Moody, Benjamin and Gow, Brian and others},
  journal={Scientific data},
  volume={10},
  number={1},
  pages={1},
  year={2023},
  publisher={Nature Publishing Group UK London}
}

@article{wornow2024ehrshot,
  title={Ehrshot: An ehr benchmark for few-shot evaluation of foundation models},
  author={Wornow, Michael and Thapa, Rahul and Steinberg, Ethan and Fries, Jason and Shah, Nigam},
  journal={Advances in Neural Information Processing Systems},
  volume={36},
  year={2024}
}

@article{mikolov2013efficient,
  title={Efficient estimation of word representations in vector space},
  author={Mikolov, Tomas and Chen, Kai and Corrado, Greg and Dean, Jeffrey},
  journal={arXiv preprint arXiv:1301.3781},
  year={2013}
}

@misc{shin2020biomegatron,
      title={BioMegatron: Larger Biomedical Domain Language Model}, 
      author={Hoo-Chang Shin and Yang Zhang and Evelina Bakhturina and Raul Puri and Mostofa Patwary and Mohammad Shoeybi and Raghav Mani},
      year={2020},
      eprint={2010.06060},
      archivePrefix={arXiv},
      primaryClass={cs.CL}
}

@article{grootendorst2022bertopic,
  title={BERTopic: Neural topic modeling with a class-based TF-IDF procedure},
  author={Grootendorst, Maarten},
  journal={arXiv preprint arXiv:2203.05794},
  year={2022}
}

@article{goetz2024generalization,
  title={Generalizationâ€”a key challenge for responsible AI in patient-facing clinical applications},
  author={Goetz, Lea and Seedat, Nabeel and Vandersluis, Robert and van der Schaar, Mihaela},
  journal={npj Digital Medicine},
  volume={7},
  number={1},
  pages={1--4},
  year={2024},
  publisher={Nature Publishing Group}
}

@article{agniel2018biases,
  title={Biases in electronic health record data due to processes within the healthcare system: retrospective observational study},
  author={Agniel, Denis and Kohane, Isaac S and Weber, Griffin M},
  journal={Bmj},
  volume={361},
  year={2018},
  publisher={British Medical Journal Publishing Group}
}

@article{sanh2019distilbert,
  title={DistilBERT, a distilled version of BERT: smaller, faster, cheaper and lighter},
  author={Sanh, Victor and Debut, Lysandre and Chaumond, Julien and Wolf, Thomas},
  journal={arXiv preprint arXiv:1910.01108},
  year={2019}
}

@article{wolf2019huggingface,
  title={Huggingface's transformers: State-of-the-art natural language processing},
  author={Wolf, Thomas and Debut, Lysandre and Sanh, Victor and Chaumond, Julien and Delangue, Clement and Moi, Anthony and Cistac, Pierric and Rault, Tim and Louf, R{\'e}mi and Funtowicz, Morgan and others},
  journal={arXiv preprint arXiv:1910.03771},
  year={2019}
}